<record><leader>00000cas a2200000 i 4500</leader><controlfield tag="001">879335911</controlfield><controlfield tag="006">m     o  d        </controlfield><controlfield tag="007">cr |||||||||||</controlfield><controlfield tag="008">140507d18911uuuksuwr neo     0    0eng c</controlfield><datafield ind1=" " ind2=" " tag="010"><subfield code="a">  2014254313</subfield></datafield><datafield ind1=" " ind2=" " tag="040"><subfield code="a">AANWS</subfield><subfield code="b">eng</subfield><subfield code="e">rda</subfield><subfield code="e">pn</subfield><subfield code="c">AANWS</subfield><subfield code="d">CUS</subfield><subfield code="d">OCLCO</subfield><subfield code="d">OCLCF</subfield></datafield><datafield ind1=" " ind2=" " tag="042"><subfield code="a">pcc</subfield></datafield><datafield ind1=" " ind2=" " tag="043"><subfield code="a">n-us-ks</subfield></datafield><datafield ind1="1" ind2="4" tag="050"><subfield code="a">AN</subfield></datafield><datafield ind1="0" ind2=" " tag="130"><subfield code="a">Southern argus (Baxter Springs, Kan.)</subfield></datafield><datafield ind1="1" ind2="4" tag="245"><subfield code="a">The southern argus.</subfield></datafield><datafield ind1=" " ind2="1" tag="264"><subfield code="3">June 18, 1891-October 8, 1891:</subfield><subfield code="a">Baxter Springs, Cherokee County, Kan. :</subfield><subfield code="b">E.M. Woods,</subfield><subfield code="c">1891-</subfield></datafield><datafield ind1="3" ind2="1" tag="264"><subfield code="3">October 15, 1891-&lt;February 4, 1892&gt;:</subfield><subfield code="a">Fort Scott, Kan. :</subfield><subfield code="b">E.M. Woods</subfield></datafield><datafield ind1=" " ind2=" " tag="300"><subfield code="a">1 online resource</subfield></datafield><datafield ind1=" " ind2=" " tag="310"><subfield code="a">Weekly</subfield></datafield><datafield ind1=" " ind2=" " tag="336"><subfield code="a">text</subfield><subfield code="b">txt</subfield><subfield code="2">rdacontent</subfield></datafield><datafield ind1=" " ind2=" " tag="337"><subfield code="a">computer</subfield><subfield code="b">c</subfield><subfield code="2">rdamedia</subfield></datafield><datafield ind1=" " ind2=" " tag="338"><subfield code="a">online resource</subfield><subfield code="b">cr</subfield><subfield code="2">rdacarrier</subfield></datafield><datafield ind1="1" ind2=" " tag="362"><subfield code="a">Began with Volume 1, number 1 (June 18, 1891)-</subfield></datafield><datafield ind1=" " ind2=" " tag="525"><subfield code="a">Supplements accompany some issues.</subfield></datafield><datafield ind1=" " ind2=" " tag="588"><subfield code="a">Description based on: Volume 1, number 1 (June 18, 1891); title from PDF masthead (Readex America's Historical Newspapers website, viewed May 7, 2014).</subfield></datafield><datafield ind1=" " ind2=" " tag="588"><subfield code="a">Latest issue consulted: Volume 1, no. 34 (February 4, 1892) (viewed May 7, 2014).</subfield></datafield><datafield ind1=" " ind2="0" tag="650"><subfield code="a">African American newspapers</subfield><subfield code="z">Kansas.</subfield></datafield><datafield ind1=" " ind2="0" tag="650"><subfield code="a">African Americans</subfield><subfield code="z">Kansas</subfield><subfield code="v">Newspapers.</subfield></datafield><datafield ind1=" " ind2="0" tag="651"><subfield code="a">Fort Scott (Kan.)</subfield><subfield code="v">Newspapers.</subfield></datafield><datafield ind1=" " ind2="0" tag="651"><subfield code="a">Baxter Springs (Kan.)</subfield><subfield code="v">Newspapers.</subfield></datafield><datafield ind1=" " ind2="7" tag="655"><subfield code="a">Newspapers.</subfield><subfield code="2">fast</subfield><subfield code="0">(OCoLC)fst01423814</subfield></datafield><datafield ind1=" " ind2="7" tag="650"><subfield code="a">African American newspapers.</subfield><subfield code="2">fast</subfield><subfield code="0">(OCoLC)fst00799278</subfield></datafield><datafield ind1=" " ind2="7" tag="650"><subfield code="a">African Americans.</subfield><subfield code="2">fast</subfield><subfield code="0">(OCoLC)fst00799558</subfield></datafield><datafield ind1=" " ind2="7" tag="651"><subfield code="a">Kansas.</subfield><subfield code="2">fast</subfield><subfield code="0">(OCoLC)fst01204323</subfield></datafield><datafield ind1=" " ind2="7" tag="651"><subfield code="a">Kansas</subfield><subfield code="z">Baxter Springs.</subfield><subfield code="2">fast</subfield><subfield code="0">(OCoLC)fst01228182</subfield></datafield><datafield ind1=" " ind2="7" tag="651"><subfield code="a">Kansas</subfield><subfield code="z">Fort Scott.</subfield><subfield code="2">fast</subfield><subfield code="0">(OCoLC)fst01216957</subfield></datafield><datafield ind1=" " ind2=" " tag="752"><subfield code="a">United States</subfield><subfield code="b">Kansas</subfield><subfield code="c">Bourbon</subfield><subfield code="d">Fort Scott.</subfield></datafield><datafield ind1=" " ind2=" " tag="752"><subfield code="a">United States</subfield><subfield code="b">Kansas</subfield><subfield code="c">Cherokee</subfield><subfield code="d">Baxter Springs.</subfield></datafield><datafield ind1="0" ind2="8" tag="776"><subfield code="i">Microfilm version:</subfield><subfield code="t">Southern argus</subfield><subfield code="w">(OCoLC)2789473</subfield></datafield><datafield ind1="0" ind2="8" tag="776"><subfield code="i">Print version:</subfield><subfield code="t">Southern argus (Baxter Springs, Kan.)</subfield><subfield code="w">(DLC)sn 84029136</subfield><subfield code="w">(OCoLC)10502949</subfield></datafield><datafield ind1="4" ind2="0" tag="856"><subfield code="u">http://infoweb.newsbank.com/?db=EANX&amp;s_browseRef=decades/12B974DEF914FDC8/all.xml</subfield></datafield></record>